@incollection{classic_models,
  title={Electrophysiological {N}euroimaging},
  author={He, Bin and Lian, Jie},
  booktitle={Neural {E}ngineering},
  pages={221--261},
  year={2005},
  publisher={Springer}
}

@article{hallez_review,
  title={Review on Solving the forward problem in {EEG} source analysis},
  author={Hallez, Hans and Vanrumste, Bart and Grech, Roberta and Muscat, Joseph and De Clercq, Wim and Vergult, Anneleen and D'Asseler, Yves and Camilleri, Kenneth P and Fabri, Simon G and Van Huffel, Sabine and Lemahieu, Ignace},
  journal={Journal of {N}euro{E}ngineering and {R}ehabilitation},
  volume={4},
  number={1},
  pages={1--29},
  year={2007},
  publisher={{B}io{M}ed {C}entral}
}

@article{eeg_source_location,
  title={{EEG} source imaging},
  author={Michel, Christoph M and Murray, Micah M and Lantz, G{\"o}ran and Gonzalez, Sara and Spinelli, Laurent and De Peralta, Rolando Grave},
  journal={Clinical {N}europhysiology},
  volume={115},
  number={10},
  pages={2195--2222},
  year={2004},
  publisher={Elsevier}
}

@article{ecog_other,
  title={Three-dimensional brain current source reconstruction from intra-cranial {ECoG} recordings},
  author={Zhang, Yingchun and van Drongelen, Wim and Kohrman, Michael and He, Bin},
  journal={Neuro{I}mage},
  volume={42},
  number={2},
  pages={683--695},
  year={2008},
  publisher={Elsevier}
}

@article{cat12,
  title={{CAT}--{A} {C}omputational {A}natomy {T}oolbox for the {A}nalysis of {S}tructural {MRI} {D}ata},
  author={Gaser, Christian and Dahnke, Robert and Thompson, Paul M and Kurth, Florian and Luders, Eileen and Alzheimerâ€™s Disease Neuroimaging Initiative},
  journal={bio{R}xiv},
  pages={2022--06},
  year={2022},
  publisher={Cold Spring Harbor Laboratory}
}

@article{pig_template,
  title={High-resolution magnetic resonance imaging-based atlases for the young and adolescent domesticated pig ({S}us scrofa)},
  author={Fil, Joanne E and Joung, Sangyun and Zimmerman, Benjamin J and Sutton, Bradley P and Dilger, Ryan N},
  journal={Journal of {N}euroscience {M}ethods},
  volume={354},
  pages={109107},
  year={2021},
  publisher={Elsevier}
}

@article{openmeeg,
  title={{OpenMEEG}: opensource software for quasistatic bioelectromagnetics},
  author={Gramfort, Alexandre and Papadopoulo, Th{\'e}odore and Olivi, Emmanuel and Clerc, Maureen},
  journal={Bio{M}edical {E}ngineering {O}n{L}ine},
  volume={9},
  pages={1--20},
  year={2010},
  publisher={Springer}
}

@article{brainstorm,
  title={Brainstorm: {A} {U}ser-{F}riendly {A}pplication for {MEG}/{EEG} {A}nalysis},
  author={Tadel, Fran{\c{c}}ois and Baillet, Sylvain and Mosher, John C and Pantazis, Dimitrios and Leahy, Richard M},
  journal={Computational Intelligence and Neuroscience},
  volume={2011},
  pages={1--13},
  year={2011},
  publisher={Hindawi Limited London, UK, United Kingdom}
}

@book{matlab,
year = {2010},
author = {MATLAB},
title = {version 9.12.0 (R2022a)},
publisher = {The MathWorks Inc.},
address = {Natick, Massachusetts}
}

@article{loreta,
  title={Low resolution electromagnetic tomography: a new method for localizing electrical activity in the brain},
  author={Pascual-Marqui, Roberto D and Michel, Christoph M and Lehmann, Dietrich},
  journal={International Journal of psychophysiology},
  volume={18},
  number={1},
  pages={49--65},
  year={1994},
  publisher={Elsevier}
}

@article{sloreta,
  title={Standardized low-resolution brain electromagnetic tomography ({sLORETA}): technical details},
  author={Pascual-Marqui, Roberto Domingo},
  journal={Methods and Findings in Experimental and Clinical Pharmacology},
  volume={24},
  number={Suppl D},
  pages={5--12},
  year={2002}
}

@article{pig_lesion1,
  title={Malignant infarction of the middle cerebral artery in a porcine model. {A} pilot study},
  author={Arikan, Fuat and Mart{\'\i}nez-Valverde, Tamara and S{\'a}nchez-Guerrero, {\'A}ngela and Campos, Mireia and Esteves, Marielle and Gandara, Dario and Torn{\'e}, Ramon and Castro, Lidia and Dalmau, Antoni and Tibau, Joan and Sahuquillo, Juan},
  journal={PLOS ONE},
  volume={12},
  number={2},
  pages={e0172637},
  year={2017},
  publisher={Public Library of Science San Francisco, CA USA}
}

@article{PMID_36109613,
  title={Recording of pig neuronal activity in the comparative context of the awake human brain},
  author={Dobariya, Aksharkumar and El Ahmadieh, Tarek Y and Good, Levi B and Hernandez-Reynoso, Ana G and Jakkamsetti, Vikram and Brown, Ronnie and Dunbar, Misha and Ding, Kan and Luna, Jesus and Kallem, Raja Reddy and others},
  journal={Scientific {R}eports},
  volume={12},
  number={1},
  pages={15503},
  year={2022},
  publisher={Nature {P}ublishing {G}roup {UK} {L}ondon}
}

@article{baillet_intro,
  title={Electromagnetic {B}rain {M}apping},
  author={Baillet, Sylvain and Mosher, John C and Leahy, Richard M},
  journal={{IEEE} {S}ignal {P}rocessing {M}agazine},
  volume={18},
  number={6},
  pages={14--30},
  year={2001},
  publisher={{IEEE}}
}

@article{tamilia2021noninvasive,
  title={Noninvasive {M}apping of {R}ipple {O}nset {P}redicts {O}utcome in {E}pilepsy {S}urgery},
  author={Tamilia, Eleonora and Matarrese, Margherita AG and Ntolkeras, Georgios and Grant, P Ellen and Madsen, Joseph R and Stufflebeam, Steve M and Pearl, Phillip L and Papadelis, Christos},
  journal={Annals of {N}eurology},
  volume={89},
  number={5},
  pages={911--925},
  year={2021},
  publisher={Wiley Online Library}
}

@article{hillebrand2005new,
  title={A {N}ew {A}pproach to {N}euroimaging {W}ith {M}agnetoencephalography},
  author={Hillebrand, Arjan and Singh, Krish D and Holliday, Ian E and Furlong, Paul L and Barnes, Gareth R},
  journal={Human {B}rain {M}apping},
  volume={25},
  number={2},
  pages={199--211},
  year={2005},
  publisher={Wiley Online Library}
}

@article{sohrabpour2020noninvasive,
  title={Noninvasive electromagnetic source imaging of spatiotemporally distributed epileptogenic brain sources},
  author={Sohrabpour, Abbas and Cai, Zhengxiang and Ye, Shuai and Brinkmann, Benjamin and Worrell, Gregory and He, Bin},
  journal={Nature communications},
  volume={11},
  number={1},
  pages={1946},
  year={2020},
  publisher={Nature Publishing Group UK London}
}

@Manual{R_software,
    title = {R: A Language and Environment for Statistical Computing},
    author = {{R Core Team}},
    organization = {R Foundation for Statistical Computing},
    address = {Vienna, Austria},
    year = {2023},
    url = {https://www.R-project.org/},
  }

@Manual{irr,
    title = {irr: Various Coefficients of Interrater Reliability and Agreement},
    author = {Matthias Gamer and Jim Lemon and Ian Fellows Puspendra Singh},
    year = {2019},
    url = {https://CRAN.R-project.org/package=irr}
  }